<?xml version="1.0" encoding="UTF-8"?><record xmlns="http://www.loc.gov/MARC21/slim" xmlns:cinclude="http://apache.org/cocoon/include/1.0" xmlns:zs="http://www.loc.gov/zing/srw/">
  <leader>00489nz  a2200145n  4500</leader>
  <controlfield tag="001">no2003098800</controlfield>
  <controlfield tag="003">DLC</controlfield>
  <controlfield tag="005">20031002052253.0</controlfield>
  <controlfield tag="008">031001n| acannaabn          |a aaa     c</controlfield>
  <datafield tag="010" ind1=" " ind2=" ">
    <subfield code="a">no2003098800</subfield>
  </datafield>
  <datafield tag="035" ind1=" " ind2=" ">
    <subfield code="a">(OCoLC)oca06166473</subfield>
  </datafield>
  <datafield tag="040" ind1=" " ind2=" ">
    <subfield code="a">VaVbRU</subfield>
    <subfield code="b">eng</subfield>
    <subfield code="c">VaVbRU</subfield>
  </datafield>
  <datafield tag="100" ind1="1" ind2=" ">
    <subfield code="a">Reuter, Frederick Albert</subfield>
  </datafield>
  <datafield tag="670" ind1=" " ind2=" ">
    <subfield code="a">Short sermons for the children's mass, c1914:</subfield>
    <subfield code="b">t.p. (Frederick Reuter)</subfield>
  </datafield>
  <datafield tag="670" ind1=" " ind2=" ">
    <subfield code="a">LC in OCLC database, Sep. 2, 2003</subfield>
    <subfield code="b">(hdg.: Reuter, Frederick Albert; usage: Frederick A. Reuter)</subfield>
  </datafield>
</record>